<?xml version='1.0' encoding='utf-8'?>
<record xmlns="http://www.loc.gov/MARC21/slim" xmlns:xsi="http://www.w3.org/2001/XMLSchema-instance">
  <leader>00000nkdaa22004811a^4500</leader>
  <controlfield tag="001">002748829</controlfield>
  <controlfield tag="005">20090324102123.0</controlfield>
  <controlfield tag="008">940131i19221971miunnn^^^^^^^^^^^^kneng^d</controlfield>
  <datafield tag="035" ind1=" " ind2=" ">
    <subfield code="a">(RLIN)MIUV92-F616</subfield>
  </datafield>
  <datafield tag="035" ind1=" " ind2=" ">
    <subfield code="a">(OCoLC)ocm35064462</subfield>
  </datafield>
  <datafield tag="040" ind1=" " ind2=" ">
    <subfield code="a">MiU-H</subfield>
    <subfield code="c">MiU-H</subfield>
    <subfield code="e">gihc</subfield>
  </datafield>
  <datafield tag="100" ind1="1" ind2=" ">
    <subfield code="a">Neuenfelt, Lila,</subfield>
    <subfield code="d">1902-1981.</subfield>
  </datafield>
  <datafield tag="245" ind1="0" ind2="0">
    <subfield code="a">Lila Neuenfelt photograph series.</subfield>
  </datafield>
  <datafield tag="260" ind1=" " ind2=" ">
    <subfield code="c">1922-1971.</subfield>
  </datafield>
  <datafield tag="300" ind1=" " ind2=" ">
    <subfield code="a">0.1 linear ft. and 1 outsize folder</subfield>
  </datafield>
  <datafield tag="545" ind1=" " ind2=" ">
    <subfield code="a">Wayne County (Mich.) Circuit Court judge.</subfield>
  </datafield>
  <datafield tag="520" ind1=" " ind2=" ">
    <subfield code="a">Portraits; photographs relating to Neuenfelt's career; and photographs of a service station (ca. 1920s) and fire station and firefighting equipment (ca. 1940s) in Dearborn, Michigan; also portrait of a child.</subfield>
  </datafield>
  <datafield tag="500" ind1=" " ind2=" ">
    <subfield code="a">Donor: 6963</subfield>
  </datafield>
  <datafield tag="580" ind1=" " ind2=" ">
    <subfield code="a">Forms part of Neuenfelt, Lila. Lila Neuenfelt papers.</subfield>
  </datafield>
  <datafield tag="650" ind1=" " ind2="7">
    <subfield code="a">Automobile service stations</subfield>
    <subfield code="z">Michigan</subfield>
    <subfield code="z">Dearborn</subfield>
    <subfield code="y">1921-1930.</subfield>
    <subfield code="2">lctgm</subfield>
  </datafield>
  <datafield tag="600" ind1="1" ind2="0">
    <subfield code="a">Burr, Raymond.</subfield>
  </datafield>
  <datafield tag="650" ind1=" " ind2="7">
    <subfield code="a">Cookery.</subfield>
    <subfield code="2">lctgm</subfield>
  </datafield>
  <datafield tag="651" ind1=" " ind2="7">
    <subfield code="a">Dearborn (Mich.)</subfield>
    <subfield code="x">Automobile service stations</subfield>
    <subfield code="y">1921-1930.</subfield>
    <subfield code="2">lctgm</subfield>
  </datafield>
  <datafield tag="650" ind1=" " ind2="7">
    <subfield code="a">Eating and drinking.</subfield>
    <subfield code="2">lctgm</subfield>
  </datafield>
  <datafield tag="650" ind1=" " ind2="7">
    <subfield code="a">Fire engines and equipment</subfield>
    <subfield code="y">1941-1950.</subfield>
    <subfield code="2">lctgm</subfield>
  </datafield>
  <datafield tag="650" ind1=" " ind2="7">
    <subfield code="a">Fire fighters.</subfield>
    <subfield code="2">lctgm</subfield>
  </datafield>
  <datafield tag="650" ind1=" " ind2="7">
    <subfield code="a">Fishing.</subfield>
    <subfield code="2">lctgm</subfield>
  </datafield>
  <datafield tag="650" ind1=" " ind2="7">
    <subfield code="a">Fund raising.</subfield>
    <subfield code="2">lctgm</subfield>
  </datafield>
  <datafield tag="650" ind1=" " ind2="7">
    <subfield code="a">Hunting.</subfield>
    <subfield code="2">lctgm</subfield>
  </datafield>
  <datafield tag="650" ind1=" " ind2="7">
    <subfield code="a">Interiors.</subfield>
    <subfield code="2">lctgm</subfield>
  </datafield>
  <datafield tag="650" ind1=" " ind2="7">
    <subfield code="a">Judges</subfield>
    <subfield code="z">Michigan</subfield>
    <subfield code="z">Wayne County.</subfield>
    <subfield code="2">lctgm</subfield>
  </datafield>
  <datafield tag="610" ind1="1" ind2="0">
    <subfield code="a">Michigan.</subfield>
    <subfield code="b">Circuit Court (Wayne County)</subfield>
  </datafield>
  <datafield tag="600" ind1="1" ind2="0">
    <subfield code="a">Neuenfelt, Lila,</subfield>
    <subfield code="d">1902-1981.</subfield>
  </datafield>
  <datafield tag="650" ind1=" " ind2="7">
    <subfield code="a">Offices.</subfield>
    <subfield code="2">lctgm</subfield>
  </datafield>
  <datafield tag="655" ind1=" " ind2="7">
    <subfield code="a">Photographs.</subfield>
    <subfield code="2">aat</subfield>
  </datafield>
  <datafield tag="650" ind1=" " ind2="7">
    <subfield code="a">Politics and government</subfield>
    <subfield code="z">Michigan.</subfield>
    <subfield code="2">lctgm</subfield>
  </datafield>
  <datafield tag="650" ind1=" " ind2="7">
    <subfield code="a">Travel.</subfield>
    <subfield code="2">lctgm</subfield>
  </datafield>
  <datafield tag="650" ind1=" " ind2="7">
    <subfield code="a">Women</subfield>
    <subfield code="x">Political life.</subfield>
    <subfield code="2">lctgm</subfield>
  </datafield>
  <datafield tag="773" ind1="1" ind2=" ">
    <subfield code="7">p1bc</subfield>
    <subfield code="a">Neuenfelt, Lila.</subfield>
    <subfield code="t">Lila Neuenfelt papers.</subfield>
    <subfield code="w">(CStRLIN)MIUV85-A336</subfield>
  </datafield>
  <datafield tag="852" ind1="8" ind2=" ">
    <subfield code="a">MiU-H</subfield>
    <subfield code="b">BENT</subfield>
    <subfield code="h">85336 Aa 2 UAm</subfield>
  </datafield>
  <datafield tag="998" ind1=" " ind2=" ">
    <subfield code="c">MFM</subfield>
    <subfield code="s">9114</subfield>
  </datafield>
  <datafield tag="LKR" ind1=" " ind2=" ">
    <subfield code="a">UP</subfield>
    <subfield code="b">002740702</subfield>
    <subfield code="l">MIU01</subfield>
    <subfield code="r">773</subfield>
    <subfield code="m">Lila Neuenfelt photograph series.</subfield>
    <subfield code="n">Lila Neuenfelt papers,</subfield>
  </datafield>
  <datafield tag="955" ind1=" " ind2=" ">
    <subfield code="b">BENT</subfield>
    <subfield code="p">B1064034</subfield>
  </datafield>
</record>
